@online{gitrepo,
  author    = {Paolo Bettelini and Gianni Grasso},
  title     = {blockchain},
  year      = {2021},
  publisher = {GitHub},
  journal   = {GitHub repository},
  url       = {https://github.com/LuMug/blockchain}
}